%% This BibTeX bibliography file was created using BibDesk.
%% http://bibdesk.sourceforge.net/


%% Created for Mac at 2018-02-17 18:36:02 +0100


%% Saved with string encoding Unicode (UTF-8) 

@ARTICLE{2006MNRAS.372..961K,
    author = {Kewley, Lisa J. and Groves, Brent and Kauffmann, Guinevere and Heckman, Tim},
    title = {The host galaxies and classification of active galactic nuclei},
    journal = {Monthly Notices of the Royal Astronomical Society},
    year = 2006,
    month = nov,
    volume = {372},
    number = {3},
    pages = {961-976},
    doi = {10.1111/j.1365-2966.2006.10859.x},
    archivePrefix = {arXiv},
    eprint = {astro-ph/0605681},
    primaryClass = {astro-ph},
    adsurl = {https://ui.adsabs.harvard.edu/abs/2006MNRAS.372..961K},
    adsnote = {Provided by the SAO/NASA Astrophysics Data System}
}

@article{Von_Der_Linden_2007,
   title={How special are brightest group and cluster galaxies?},
   volume={379},
   ISSN={0035-8711},
   url={http://dx.doi.org/10.1111/j.1365-2966.2007.11940.x},
   DOI={10.1111/j.1365-2966.2007.11940.x},
   number={3},
   journal={Monthly Notices of the Royal Astronomical Society},
   publisher={Oxford University Press (OUP)},
   author={Von Der Linden, Anja and Best, Philip N. and Kauffmann, Guinevere and White, Simon D. M.},
   year={2007},
   month=jul, pages={867–893} }

@article{Miller_2005,
   title={The C4 Clustering Algorithm: Clusters of Galaxies in the Sloan Digital Sky Survey},
   volume={130},
   ISSN={1538-3881},
   url={http://dx.doi.org/10.1086/431357},
   DOI={10.1086/431357},
   number={3},
   journal={The Astronomical Journal},
   publisher={American Astronomical Society},
   author={Miller, Christopher J. and Nichol, Robert C. and Reichart, Daniel and Wechsler, Risa H. and Evrard, August E. and Annis, James and McKay, Timothy A. and Bahcall, Neta A. and Bernardi, Mariangela and Boehringer, Hans and Connolly, Andrew J. and Goto, Tomotsugu and Kniazev, Alexie and Lamb, Donald and Postman, Marc and Schneider, Donald P. and Sheth, Ravi K. and Voges, Wolfgang},
   year={2005},
   month=sep, pages={968–1001} }
   
   @article{Best_2005,
   title={A sample of radio-loud active galactic nuclei in the Sloan Digital Sky Survey},
   volume={362},
   ISSN={1365-2966},
   url={http://dx.doi.org/10.1111/j.1365-2966.2005.09283.x},
   DOI={10.1111/j.1365-2966.2005.09283.x},
   number={1},
   journal={Monthly Notices of the Royal Astronomical Society},
   publisher={Oxford University Press (OUP)},
   author={Best, P. N. and Kauffmann, G. and Heckman, T. M. and Ivezić, Ž.},
   year={2005},
   month=sep, pages={9–24} }
